@misc{PhysWiki,
       author = "时宏宇",
       title = "小时物理百科",
       year = "2018" }